@misc{enwiki:1187886462,
author = "{Wikipedia contributors}",
title = "Phylogenetic tree --- {Wikipedia}{,} The Free Encyclopedia",
year = "2023",
url = "https://en.wikipedia.org/w/index.php?title=Phylogenetic_tree&oldid=1187886462",
note = "[Online; accessed 5-December-2023]"
}


@book{semple2003phylogenetics,
  title={Phylogenetics},
  author={Semple, Charles and Steel, Mike and others},
  volume={24},
  year={2003},
  publisher={Oxford University Press on Demand}
}

@book{sneath1973numerical,
  title={Numerical taxonomy. The principles and practice of numerical classification.},
  author={Sneath, Peter HA and Sokal, Robert R and others},
  year={1973}
}

@book{felsenstein1993phylip,
  title={{PHYLIP} (phylogeny inference package), version 3.5 c},
  author={Felsenstein, Joseph},
  year={1993},
  publisher={Joseph Felsenstein.}
}

@article{fasttree2,
  title={FastTree 2--approximately maximum-likelihood trees for large alignments},
  author={Price, Morgan N and Dehal, Paramvir S and Arkin, Adam P},
  journal={PloS one},
  volume={5},
  number={3},
  pages={e9490},
  year={2010},
  publisher={Public Library of Science San Francisco, USA}
}

@article{felsenstein1981evolutionary,
  title={Evolutionary trees from {DNA} sequences: a maximum likelihood approach},
  author={Felsenstein, Joseph},
  journal={Journal of molecular evolution},
  volume={17},
  pages={368--376},
  year={1981},
  publisher={Springer}
}

@article{bioMLPaper,
  title={Harnessing machine learning to guide phylogenetic-tree search algorithms},
  author={Azouri, Dana and Abadi, Shiran and Mansour, Yishay and Mayrose, Itay and Pupko, Tal},
  journal={Nature communications},
  volume={12},
  number={1},
  pages={1983},
  year={2021},
  publisher={Nature Publishing Group {UK} London}
}


@article{melnick11985genetic,
  title={Genetic and evolutionary relationships among Asian macaques},
  author={Melnick1, Don J and Kidd, Kenneth K},
  journal={International Journal of Primatology},
  volume={6},
  pages={123--160},
  year={1985},
  publisher={Springer}
}

@article{njpaper,
  title={The neighbor-joining method: a new method for reconstructing phylogenetic trees.},
  author={Saitou, Naruya and Nei, Masatoshi},
  journal={Molecular biology and evolution},
  volume={4},
  number={4},
  pages={406--425},
  year={1987}
}

@article{fasttree1,
  title={FastTree: computing large minimum evolution trees with profiles instead of a distance matrix},
  author={Price, Morgan N and Dehal, Paramvir S and Arkin, Adam P},
  journal={Molecular biology and evolution},
  volume={26},
  number={7},
  pages={1641--1650},
  year={2009},
  publisher={Oxford University Press}
}

@article{stevens2016playing,
  title={Playing tetris with deep reinforcement learning},
  author={Stevens, Matt and Pradhan, Sabeek},
  journal={Convolutional Neural Networks for Visual Recognition {CS23}, Stanford Univ., Stanford, CA, USA, Tech. Rep},
  year={2016}
}

@article{zhou2020graph,
  title={Graph neural networks: A review of methods and applications},
  author={Zhou, Jie and Cui, Ganqu and Hu, Shengding and Zhang, Zhengyan and Yang, Cheng and Liu, Zhiyuan and Wang, Lifeng and Li, Changcheng and Sun, Maosong},
  journal={{AI} open},
  volume={1},
  pages={57--81},
  year={2020},
  publisher={Elsevier}
}

@article{nguyen2015iq,
  title={{IQ-TREE}: a fast and effective stochastic algorithm for estimating maximum-likelihood phylogenies},
  author={Nguyen, Lam-Tung and Schmidt, Heiko A and Von Haeseler, Arndt and Minh, Bui Quang},
  journal={Molecular biology and evolution},
  volume={32},
  number={1},
  pages={268--274},
  year={2015},
  publisher={Oxford University Press}
}

@article{erickson2010jukes,
  title={The jukes-cantor model of molecular evolution},
  author={Erickson, Keith},
  journal={Primus},
  volume={20},
  number={5},
  pages={438--445},
  year={2010},
  publisher={Taylor \& Francis}
}

@article{huelsenbeck1995performance,
  title={Performance of phylogenetic methods in simulation},
  author={Huelsenbeck, John P},
  journal={Systematic biology},
  volume={44},
  number={1},
  pages={17--48},
  year={1995},
  publisher={Society of Systematic Biologists}
}

@article{bollback2002bayesian,
  title={Bayesian model adequacy and choice in phylogenetics},
  author={Bollback, Jonathan P},
  journal={Molecular Biology and Evolution},
  volume={19},
  number={7},
  pages={1171--1180},
  year={2002},
  publisher={Oxford University Press}
}

@article{kozlov2019raxml,
  title={{RAxML-NG}: a fast, scalable and user-friendly tool for maximum likelihood phylogenetic inference},
  author={Kozlov, Alexey M and Darriba, Diego and Flouri, Tom{\'a}{\v{s}} and Morel, Benoit and Stamatakis, Alexandros},
  journal={Bioinformatics},
  volume={35},
  number={21},
  pages={4453--4455},
  year={2019},
  publisher={Oxford University Press}
}

@inproceedings{zhu2021applying,
  title={Applying neural network to reconstruction of phylogenetic tree},
  author={Zhu, Tujin and Cai, Yunpeng},
  booktitle={2021 13th International Conference on Machine Learning and Computing},
  pages={146--152},
  year={2021}
}

@article{azouri2023tree,
  title={The tree reconstruction game: phylogenetic reconstruction using reinforcement learning},
  author={Azouri, Dana and Granit, Oz and Alburquerque, Michael and Mansour, Yishay and Pupko, Tal and Mayrose, Itay},
  journal={arXiv preprint arXiv:2303.06695},
  year={2023}
}

@misc{Sanchez2021, title={A gentle introduction to graph neural networks}, url={https://distill.pub/2021/gnn-intro/}, journal={Distill}, author={Sanchez-Lengeling, Benjamin and Reif, Emily and Pearce, Adam and Wiltschko, Alexander B.}, year={2021}, month={Sep}} 

@inproceedings{bahri2021binary,
  title={Binary graph neural networks},
  author={Bahri, Mehdi and Bahl, Ga{\'e}tan and Zafeiriou, Stefanos},
  booktitle={Proceedings of the {IEEE/CVF} conference on computer vision and pattern recognition},
  pages={9492--9501},
  year={2021}
}

@article{le2008improved,
  title={An improved general amino acid replacement matrix},
  author={Le, Si Quang and Gascuel, Olivier},
  journal={Molecular biology and evolution},
  volume={25},
  number={7},
  pages={1307--1320},
  year={2008},
  publisher={Oxford University Press}
}

@article{stoye1998rose,
  title={Rose: generating sequence families.},
  author={Stoye, Jens and Evers, Dirk and Meyer, Folker},
  journal={Bioinformatics (Oxford, England)},
  volume={14},
  number={2},
  pages={157--163},
  year={1998}
}

@phdthesis{pan2022graph,
  title={Graph Neural Network and Phylogenetic Tree Construction},
  author={Pan, Gaofeng},
  year={2022},
  school={University of South Carolina}
}

@incollection{NEURIPS2019_9015,
title = {{PyTorch}: An Imperative Style, High-Performance Deep Learning Library},
author = {Paszke, Adam and Gross, Sam and Massa, Francisco and Lerer, Adam and Bradbury, James and Chanan, Gregory and Killeen, Trevor and Lin, Zeming and Gimelshein, Natalia and Antiga, Luca and Desmaison, Alban and Kopf, Andreas and Yang, Edward and DeVito, Zachary and Raison, Martin and Tejani, Alykhan and Chilamkurthy, Sasank and Steiner, Benoit and Fang, Lu and Bai, Junjie and Chintala, Soumith},
booktitle = {Advances in Neural Information Processing Systems 32},
pages = {8024--8035},
year = {2019},
publisher = {Curran Associates, Inc.},
url = {http://papers.neurips.cc/paper/9015-pytorch-an-imperative-style-high-performance-deep-learning-library.pdf}
}

@article{fey2019fast,
  title={Fast graph representation learning with {PyTorch} Geometric},
  author={Fey, Matthias and Lenssen, Jan Eric},
  journal={arXiv preprint arXiv:1903.02428},
  year={2019}
}

@article{cock2009biopython,
  title={Biopython: freely available Python tools for computational molecular biology and bioinformatics},
  author={Cock, Peter JA and Antao, Tiago and Chang, Jeffrey T and Chapman, Brad A and Cox, Cymon J and Dalke, Andrew and Friedberg, Iddo and Hamelryck, Thomas and Kauff, Frank and Wilczynski, Bartek and others},
  journal={Bioinformatics},
  volume={25},
  number={11},
  pages={1422--1423},
  year={2009},
  publisher={Oxford University Press}
}

@article{yushmanov1984construction,
  title={Construction of a tree with p leaves from 2p-3 elements of its distance matrix},
  author={Yushmanov, SV},
  journal={Matematicheskie Zametki},
  volume={35},
  pages={877--887},
  year={1984}
}

@article{liptak2021constructing,
  title={CONSTRUCTING UNROOTED PHYLOGENETIC TREES WITH REINFORCEMENT LEARNING.},
  author={LIPT{\'A}K, PANNA and KISS, ATTILA},
  journal={Studia Universitatis Babes-Bolyai, Informatica},
  volume={66},
  number={1},
  year={2021}
}

@article{kingma2014adam,
  title={Adam: A method for stochastic optimization},
  author={Kingma, Diederik P and Ba, Jimmy},
  journal={arXiv preprint arXiv:1412.6980},
  year={2014}
}

@misc{Evolution_and_Genomics_2016, 
title={{GARLI}: Genetic Algorithm for Rapid Likelihood Inference}, 
howpublished={\url{https://evomics.org/resources/software/molecular-evolution-software/garli/}}}, journal={Evolution and Genomics}, year={2016}, month={Jul}} 

@article{silver2017mastering,
  title={Mastering chess and shogi by self-play with a general reinforcement learning algorithm},
  author={Silver, David and Hubert, Thomas and Schrittwieser, Julian and Antonoglou, Ioannis and Lai, Matthew and Guez, Arthur and Lanctot, Marc and Sifre, Laurent and Kumaran, Dharshan and Graepel, Thore and others},
  journal={arXiv preprint arXiv:1712.01815},
  year={2017}
}